@book{Aho:72,
    author  = {Alfred V. Aho and Jeffrey D. Ullman},
    title   = {The Theory of Parsing, Translation and Compiling},
    year    = "1972",
    volume  = "1",
    publisher = {Prentice-Hall},
    address = {Englewood Cliffs, NJ}
}
@article{ghosh2016contextual,
  title={Contextual lstm (clstm) models for large scale nlp tasks},
  author={Ghosh, Shalini and Vinyals, Oriol and Strope, Brian and Roy, Scott and Dean, Tom and Heck, Larry},
  journal={arXiv preprint arXiv:1602.06291},
  year={2016}
}

@BOOK {cabral_2015,
    author    = "LUCIANO DE SOUZA CABRAL",
    title     = "Uma Plataforma para Sumarização Automática de Textos Independente de Idioma.",
    publisher = "UFPE",
    year      = "2015"
}

@book{APA:83,
    author  = {{American Psychological Association}},
    title   = {Publications Manual},
    year    = "1983",
   publisher = {American Psychological Association},
   address = {Washington, DC}
}

@article{Chandra:81,
	author = {Ashok K. Chandra and Dexter C. Kozen and Larry J. Stockmeyer},
	year = "1981",
	title = {Alternation},
	journal = {Journal of the Association for Computing Machinery},
	volume = "28",
	number = "1",
	pages = "114--133",
	doi = "10.1145/322234.322243",
}
@article{kp2019deep,
  title={A Deep Learning Approach for Similar Languages, Varieties and Dialects},
  author={KP, Soman and others},
  journal={arXiv preprint arXiv:1901.00297},
  year={2019}
}
@inproceedings{sapkota2015not,
  title={Not all character n-grams are created equal: A study in authorship attribution},
  author={Sapkota, Upendra and Bethard, Steven and Montes, Manuel and Solorio, Thamar},
  booktitle={Proceedings of the 2015 conference of the North American chapter of the association for computational linguistics: Human language technologies},
  pages={93--102},
  year={2015}
}

@inproceedings{gomez2017discriminating,
  title={Discriminating between similar languages using a combination of typed and untyped character n-grams and words},
  author={Gomez, Helena and Markov, Ilia and Baptista, Jorge and Sidorov, Grigori and Pinto, David},
  booktitle={Proceedings of the Fourth Workshop on NLP for Similar Languages, Varieties and Dialects (VarDial)},
  pages={137--145},
  year={2017}
}
@misc{pandas-dev_2020, title={pandas-dev/pandas}, url={https://github.com/pandas-dev/pandas}, journal={GitHub}, author={Pandas-Dev}, year={2020}, month={Apr}}
@article{jauhiainen2019automatic,
  title={Automatic language identification in texts: A survey},
  author={Jauhiainen, Tommi Sakari and Lui, Marco and Zampieri, Marcos and Baldwin, Timothy and Lind{\'e}n, Krister},
  journal={Journal of Artificial Intelligence Research},
  volume={65},
  pages={675--782},
  year={2019}
}

@inproceedings{andrew2007scalable,
  title={Scalable training of {L1}-regularized log-linear models},
  author={Andrew, Galen and Gao, Jianfeng},
  booktitle={Proceedings of the 24th International Conference on Machine Learning},
  pages={33--40},
  year={2007},
}

@book{Gusfield:97,
    author  = {Dan Gusfield},
    title   = {Algorithms on Strings, Trees and Sequences},
    year    = "1997",
    publisher = {Cambridge University Press},
    address = {Cambridge, UK}
}
@article{kann2018fortification,
  title={Fortification of neural morphological segmentation models for polysynthetic minimal-resource languages},
  author={Kann, Katharina and Mager, Manuel and Meza-Ruiz, Ivan and Sch{\"u}tze, Hinrich},
  journal={arXiv preprint arXiv:1804.06024},
  year={2018}
}
@inproceedings{cavnar1994n,
  title={N-gram-based text categorization},
  author={Cavnar, William B and Trenkle, John M and others},
  booktitle={Proceedings of SDAIR-94, 3rd annual symposium on document analysis and information retrieval},
  volume={161175},
  year={1994},
  organization={Citeseer}
  }
  @inproceedings{webster1992tokenization,
  title={Tokenization as the initial phase in NLP},
  author={Webster, Jonathan J and Kit, Chunyu},
  booktitle={COLING 1992 Volume 4: The 15th International Conference on Computational Linguistics},
  year={1992}
}
@BOOK {lemos1956tupi,
    author    = "Pe. Antonio Lemos Barbosa.",
    title     = "Curso de tupi antigo",
    publisher = "Biblioteca Digital Curt Nimuendaju",
    year      = "1956"
}
@article{nadkarni2011natural,
  title={Natural language processing: an introduction},
  author={Nadkarni, Prakash M and Ohno-Machado, Lucila and Chapman, Wendy W},
  journal={Journal of the American Medical Informatics Association},
  volume={18},
  number={5},
  pages={544--551},
  year={2011},
  publisher={Oxford University Press}
}
@misc{angelo, title={26 Versões da Bíblia em Idiomas Indígenas Para MySword}, url={https://myswordbrasil.blogspot.com/2016/09/26-biblias-em-idiomas-indigenas-tupi-guarani.html}, journal={MySword Brasil}, author={Angelo}}

@misc{google, title={Google Translate Website}, url={https://translate.google.com/intl/en/about/languages/}, journal={Google Translate}, author={Google}}

@book{peters2002evaluation,
  title={Evaluation of Cross-Language Information Retrieval Systems: Second Workshop of the Cross-Language Evaluation Forum, CLEF 2001, Darmstadt, Germany, September 3-4, 2001. Revised Papers},
  author={Peters, Carol and others},
  year={2002},
  publisher={Springer Science \& Business Media}
}
@article{rasooli-tetrault-2015,
    author    = {Mohammad Sadegh Rasooli and Joel R. Tetreault},
    title     = {Yara Parser: {A} Fast and Accurate Dependency Parser},
    journal   = {Computing Research Repository},
    volume    = {arXiv:1503.06733},
    year      = {2015},
    url       = {http://arxiv.org/abs/1503.06733},
    note    = {version 2}
}
@book{matthews2016introduction,
  title={An introduction to natural language processing through Prolog},
  author={Matthews, Clive},
  year={2016},
  publisher={Routledge}
}
@book{povos_indigenas,
    title ={Os povos indígenas na américa latina: Avanços na última década e desafios pendentes para a garantia de seus direitos},
    author = {Popolo, Fabiana and Reboiras, Leandro}, 
    publisher = {Nações Unidas}, 
    year = {2015}, 
}
@article{Ando2005,
	Acmid = {1194905},
	Author = {Ando, Rie Kubota and Zhang, Tong},
	Issn = {1532-4435},
	Issue_Date = {12/1/2005},
	Journal = {Journal of Machine Learning Research},
	Month = dec,
	Numpages = {37},
	Pages = {1817--1853},
	Publisher = {JMLR.org},
	Title = {A Framework for Learning Predictive Structures from Multiple Tasks and Unlabeled Data},
	Volume = {6},
	Year = {2005}}

@inproceedings{goldsmith2000automatic,
  title={Automatic language-specific stemming in information retrieval},
  author={Goldsmith, John A and Higgins, Derrick and Soglasnova, Svetlana},
  booktitle={Workshop of the Cross-Language Evaluation Forum for European Languages},
  pages={273--283},
  year={2000},
  organization={Springer}
}