@book{povos_indigenas,
    title ={Os povos indígenas na américa latina: Avanços na última década e desafios pendentes para a garantia de seus direitos},
    author = {Popolo, Fabiana and Reboiras, Leandro}, 
    publisher = {Nações Unidas}, 
    year = {2015}, 
}
@book{peters2002evaluation,
  title={Evaluation of Cross-Language Information Retrieval Systems: Second Workshop of the Cross-Language Evaluation Forum, CLEF 2001, Darmstadt, Germany, September 3-4, 2001. Revised Papers},
  author={Peters, Carol and others},
  number={2406},
  year={2002},
  publisher={Springer Science \& Business Media}
}
@misc{angelo, title={26 Versões da Bíblia em Idiomas Indígenas Para MySword}, url={https://myswordbrasil.blogspot.com/2016/09/26-biblias-em-idiomas-indigenas-tupi-guarani.html}, journal={MySword Brasil}, author={Angelo}}

@misc{google, title={Google Translate Website}, url={https://translate.google.com/intl/en/about/languages/}, journal={Google Translate}, author={Google}}

@article{10.1136/amiajnl-2011-000464,
    author = {Nadkarni, Prakash M and Ohno-Machado, Lucila and Chapman, Wendy W},
    title = "{Natural language processing: an introduction}",
    journal = {Journal of the American Medical Informatics Association},
    volume = {18},
    number = {5},
    pages = {544-551},
    year = {2011},
    month = {09},
    abstract = "{Objectives To provide an overview and tutorial of natural language processing (NLP) and modern NLP-system design.Target audience This tutorial targets the medical informatics generalist who has limited acquaintance with the principles behind NLP and/or limited knowledge of the current state of the art.Scope We describe the historical evolution of NLP, and summarize common NLP sub-problems in this extensive field. We then provide a synopsis of selected highlights of medical NLP efforts. After providing a brief description of common machine-learning approaches that are being used for diverse NLP sub-problems, we discuss how modern NLP architectures are designed, with a summary of the Apache Foundation's Unstructured Information Management Architecture. We finally consider possible future directions for NLP, and reflect on the possible impact of IBM Watson on the medical field.}",
    issn = {1067-5027},
    doi = {10.1136/amiajnl-2011-000464},
    url = {https://doi.org/10.1136/amiajnl-2011-000464},
    eprint = {http://oup.prod.sis.lan/jamia/article-pdf/18/5/544/5962687/18-5-544.pdf},
}


@inproceedings{Goldsmith:2000:ALS:648263.753378,
 author = {Goldsmith, John A. and Higgins, Derrick and Soglasnova, Svetlana},
 title = {Automatic Language-Specific Stemming in Information Retrieval},
 booktitle = {Revised Papers from the Workshop of Cross-Language Evaluation Forum on Cross-Language Information Retrieval and Evaluation},
 series = {CLEF '00},
 year = {2001},
 isbn = {3-540-42446-6},
 pages = {273--284},
 numpages = {12},
 url = {http://dl.acm.org/citation.cfm?id=648263.753378},
 acmid = {753378},
 publisher = {Springer-Verlag},
 address = {London, UK, UK},
} 

@book{matthews2016introduction,
  title={An introduction to natural language processing through Prolog},
  author={Matthews, Clive},
  year={2016},
  publisher={Routledge}
}

@BOOK {lemos1956tupi,
    author  = "Lemos Barbosa, Pe. Antônio",
    title   = "Curso de tupi antigo",
    journal = "Livraria São José",
    year    = "1956",
    pages   = "432-433"
}

@article{DBLP:journals/corr/abs-1804-06024,
  author    = {Katharina Kann and
               Manuel Mager and
               Iv{\'{a}}n V. Meza{-}Ru{\'{\i}}z and
               Hinrich Sch{\"{u}}tze},
  title     = {Fortification of Neural Morphological Segmentation Models for Polysynthetic
               Minimal-Resource Languages},
  journal   = {CoRR},
  volume    = {abs/1804.06024},
  year      = {2018},
  url       = {http://arxiv.org/abs/1804.06024},
  archivePrefix = {arXiv},
  eprint    = {1804.06024},
  timestamp = {Mon, 13 Aug 2018 16:48:48 +0200},
  biburl    = {https://dblp.org/rec/bib/journals/corr/abs-1804-06024},
  bibsource = {dblp computer science bibliography, https://dblp.org}
}

@book{cabral_2015, place={Recife, PE}, title={Uma Plataforma para Sumarização Automática de Textos Independente de Idioma.}, publisher={BCTG UFPE}, author={Cabral, LUCIANO De Souza}, year={2015}}

@inproceedings{Bhargava:2010:LIN:1857999.1858101,
 author = {Bhargava, Aditya and Kondrak, Grzegorz},
 title = {Language Identification of Names with SVMs},
 booktitle = {Human Language Technologies: The 2010 Annual Conference of the North American Chapter of the Association for Computational Linguistics},
 series = {HLT '10},
 year = {2010},
 isbn = {1-932432-65-5},
 location = {Los Angeles, California},
 pages = {693--696},
 numpages = {4},
 url = {http://dl.acm.org/citation.cfm?id=1857999.1858101},
 acmid = {1858101},
 publisher = {Association for Computational Linguistics},
 address = {Stroudsburg, PA, USA},
} 

@inproceedings{cavnar1994n,
  title={N-gram-based text categorization},
  author={Cavnar, William B and Trenkle, John M and others},
  booktitle={Proceedings of SDAIR-94, 3rd annual symposium on document analysis and information retrieval},
  volume={161175},
  year={1994},
  organization={Citeseer}
}